@article{miers2019analise,
  title={An{\'a}lise de mecanismos para consenso distribu{\'\i}do aplicados a Blockchain},
  author={Miers, Charles C and Koslovski, Guilherme P and Pillon, Maur{\'\i}cio A and Simpl{\'\i}cio Jr, Marcos A and UZH, Bruno B Rodrigues and Battisti, Jo{\~a}o HF},
  year={2019},
  publisher={SBC}
}

@article{braga2017segurancca,
  title={Seguran{\c{c}}a de aplica{\c{c}}oes blockchain al{\'e}m das criptomoedas},
  author={Braga, AM and Marino, FCH and dos Santos, RR},
  journal={Livro-texto dos minicursos SBSeg},
  pages={99--148},
  year={2017}
}

@article{nakamoto2008peer,
  title={A peer-to-peer electronic cash system},
  author={Nakamoto, Satoshi and Bitcoin, A},
  journal={Bitcoin.--URL: https://bitcoin. org/bitcoin. pdf},
  volume={4},
  year={2008}
}

@article{mercan2021cryptocurrency,
  title={Cryptocurrency Solutions to Enable Micro-payments in Consumer IoT},
  author={Mercan, Suat and Kurt, Ahmet and Erdin, Enes and Akkaya, Kemal},
  journal={IEEE Consumer Electronics Magazine},
  year={2021},
  publisher={IEEE}
}

@online{raidenmedium,
    author = "Raiden Network",
    title = "Raiden Protocol Explained",
    url  = "https://medium.com/raiden-network/raiden-protocol-explained-489b429fcd90",
    addendum = "(accessed: 12.04.2021)",
    keywords = "PCN, Raiden"
}

@article{greve2018blockchain,
  title={Blockchain e a Revolu{\c{c}}{\~a}o do Consenso sob Demanda},
  author={Greve, Fab{\'\i}ola Greve and Sampaio, Leobino Sampaio and Abijaude, Jauberth Abijaude and Coutinho, Antonio Coutinho and Valcy, {\'I}talo Valcy and Queiroz, S{\'\i}lvio Queiroz},
  journal={Simp{\'o}sio Brasileiro de Redes de Computadores e Sistemas Distribu{\'\i}dos (SBRC)-Minicursos},
  year={2018}
}

@online{visa2019speed,
    author = "Kenny L.",
    title = "The Blockchain Scalability Problem & the Race for Visa-Like Transaction Speed",
    url  = "https://towardsdatascience.com/the-blockchain-scalability-problem-the-race-for-visa-like-transaction-speed-5cce48f9d44",
    addendum = "(accessed: 13.04.2021)",
    keywords = "Visa, Scalability, Transaction Speed"
}

@online{ethereum2021oficial,
    author = "Ethereum",
    title = "",
    url  = "https://ethereum.org/en/",
    addendum = "(accessed: 13.04.2021)",
    keywords = "Blockchain, Scalability"
}

@online{infura2021oficial,
    author = "Infura",
    title = "",
    url  = "https://infura.io/",
    addendum = "(accessed: 14.04.2021)",
    keywords = "Blockchain, Scalability"
}

@online{eric2019gas,
    author = "Erica Conner",
    title = "Understanding Ethereum Gas, Blocks and the Fee Market",
    url  = "https://medium.com/@eric.conner/understanding-ethereum-gas-blocks-and-the-fee-market-d5e268bf0a0e",
    addendum = "(accessed: 14.04.2021)",
    keywords = "Blockchain, Gas"
}

@online{veronica2019token,
    author = "Veronica Coutts",
    title = "Ethereum Tokens Explained - A Beginnerâ€™s Guide to Token Standards: Everything You Need to Know",
    url  = "https://medium.com/linum-labs/ethereum-tokens-explained-ffe9df918008",
    addendum = "(accessed: 14.04.2021)",
    keywords = "Blockchain, Ethereum, Token"
}

@online{arum2019token,
    author = "Arun Rajeevan",
    title = "Tokens,Gas and Gas limit in Ethereum Standards: Everything You Need to Know",
    url  = "https://arunrajeevan.medium.com/tokens-gas-and-gas-limit-in-ethereum-f07790f56d8f",
    addendum = "(accessed: 14.04.2021)",
    keywords = "Blockchain, Ethereum, Token"
}

